
@inproceedings{saure17,
   author = {Antoine Saure and Martin L. Puterman},
   year = {2017},
   title = {Advance Patient Appointment Scheduling},
   pages={245-268},
   url = {https://doi.org/10.1007/978-3-319-47766-4}
}


@article{requesens,
  title = "Tiempo perdido entre cirugías y su repercusión en el cumplimiento de la programación quirúrgica del Hospital General de Querétaro",
  author = {E. A. Requesens and Dr. G. V. Malagón and  Dr. B. Montes and others},
  journal =      "Mediagraphic Artemisa",
  volume =       "30",
  number =       "4",
  pages =        "891--921",
  year =         "2008",
  DOI =          "http://www.medigraphic.com/pdfs/cirgen/cg-2008/cg084h.pdf"
}

@article{leiva,
  title = "Ministerio de Salud admite esperas promedio de 492 días para cirugías",
  author = {Leiva, L.},
  journal =  "La Tercera",
  year = 2016,
  month = mar, 
  day = 27,
  DOI = "http://www2.latercera.com/noticia/ministerio-de-salud-admite-esperas-promedio-de-492-dias-para-cirugias/"
}

@article{rae,
  title = "Diccionario de la lengua española",
  author = {Real Academia Española},
  journal =      "Mediagraphic Artemisa",
  year =         "2016",
  DOI =          "http://www.rae.es/rae.html"
}
