
@inproceedings{saure17,
   author = {Antoine Saure and Martin L. Puterman},
   year = {2017},
   title = {Advance Patient Appointment Scheduling},
   pages={245-268},
   url = {https://doi.org/10.1007/978-3-319-47766-4}
}

@inproceedings{Yasin,
   author = {Yasin Gocgun and Martin L. Puterman},
   year = {2013},
   title = {Dynamic scheduling with due dates and time windows: an application to chemotherapy patient appointment booking},
   pages={60-76},
   url = {https://doi.org/10.1007/s10729-013-9253-z}
}

@inproceedings{Min,
   author = {Daiki Min, Yuehwern Yih},
   year = {2010},
   title = {Scheduling elective surgery under uncertainty and downstream capacity constraints},
   pages={642–652},
}

@article{Gerchak,
  title = "Reservation Planning for Elective Surgery under Uncertain Demand for Emergency Surgery",
  author = {Yigal Gerchak, Diwakar Gupta and Mordechai Henig},
  journal =      "Management Science",
  volume =       "42",
  number =       "3",
  pages =        "321-334",
  year =         "1996",
  DOI =          "http://www.jstor.org/stable/2634346"
}

@inproceedings{Lamiri,
   author = {Mehdi Lamiri, Xiaolan Xie, Alexandre Dolgui and Frédéric Grimaud},
   year = {2005},
   title = {A stochastic model for operating rooms planning with elective and emergency surgery demands}
}

@article{requesens,
  title = "Tiempo perdido entre cirugías y su repercusión en el cumplimiento de la programación quirúrgica del Hospital General de Querétaro",
  author = {E. A. Requesens and Dr. G. V. Malagón and  Dr. B. Montes and others},
  journal =      "Mediagraphic Artemisa",
  volume =       "30",
  number =       "4",
  pages =        "891--921",
  year =         "2008",
  DOI =          "http://www.medigraphic.com/pdfs/cirgen/cg-2008/cg084h.pdf"
}

@article{leiva,
  title = "Ministerio de Salud admite esperas promedio de 492 días para cirugías",
  author = {Leiva, L.},
  journal =  "La Tercera",
  year = 2016,
  month = mar, 
  day = 27,
  DOI = "http://www2.latercera.com/noticia/ministerio-de-salud-admite-esperas-promedio-de-492-dias-para-cirugias/"
}

@article{rae,
  title = "Diccionario de la lengua española",
  author = {Real Academia Española},
  journal =      "Mediagraphic Artemisa",
  year =         "2016",
  DOI =          "http://www.rae.es/rae.html"
}

@article{minsal,
   author = {Departamento de Estadísticas e Información de Salud},
   journal = {Ministerio de Salud},
   year = {2011-2018},
   title = {Estadísticas de Atenciones de Urgencia},
   DOI = {http://www.deis.cl/estadisticas-atencionesurgencia/},
   note = "\url{http://www.deis.cl/estadisticas-atencionesurgencia/}"
}

@misc{simpy,
  author = "Simpy",
  title = "A process-based discrete-event simulation framework based on standard {P}ython",
  note  = "\url{https://simpy.readthedocs.io/en/latest/}",
  year = {2002-2018}
}